@inproceedings{chen2016towards,
  title={Towards Automated Dynamic Analysis for Linux-based Embedded Firmware.},
  author={Chen, Daming D and Woo, Maverick and Brumley, David and Egele, Manuel},
  booktitle={NDSS},
  year={2016}
}

@inproceedings{zaddach2014avatar,
  title={AVATAR: A Framework to Support Dynamic Security Analysis of Embedded Systems' Firmwares.},
  author={Zaddach, Jonas and Bruno, Luca and Francillon, Aurelien and Balzarotti, Davide and others},
  booktitle={NDSS},
  year={2014}
}

@inproceedings{alrawisok,
  title={SoK: Security Evaluation of Home-Based IoT Deployments},
  author={Alrawi, Omar and Lever, Chaz and Antonakakis, Manos and Monrose, Fabian},
  booktitle={In Proc. of the 40th IEEE Symposium on Security and Privacy},
  pages={0},
  organization={IEEE},
  year={2019}
}

@inproceedings{costin2014large,
  title={A Large-Scale Analysis of the Security of Embedded Firmwares.},
  author={Costin, Andrei and Zaddach, Jonas and Francillon, Aur{\'e}lien and Balzarotti, Davide and Antipolis, Sophia},
  booktitle={USENIX Security Symposium},
  pages={95--110},
  year={2014}
}

@inproceedings{chen2018angora,
  title={Angora: Efficient Fuzzing by Principled Search.},
  author={Chen, Peng and Chen, Hao},
  booktitle={Proceedings of the 39th IEEE Symposium on Security and Privacy (S\&P)},
  organization={IEEE},
  year={2018}
}

@inproceedings{dolan2016lava,
  title={Lava: Large-scale automated vulnerability addition},
  author={Dolan-Gavitt, Brendan and Hulin, Patrick and Kirda, Engin and Leek, Tim and Mambretti, Andrea and Robertson, Wil and Ulrich, Frederick and Whelan, Ryan},
  booktitle={Security and Privacy (SP), 2016 IEEE Symposium on},
  pages={110--121},
  year={2016},
  organization={IEEE}
}

@inproceedings{muench2018you,
  title={What you corrupt is not what you crash: Challenges in fuzzing embedded devices},
  author={Muench, Marius and Stijohann, Jan and Kargl, Frank and Francillon, Aur{\'e}lien and Balzarotti, Davide},
  booktitle={NDSS 2018, Network and Distributed Systems Security Symposium, 18-21 February 2018, San Diego, CA, USA},
  year={2018}
}

@inproceedings{cheniotfuzzer,
  title={IoTFuzzer: Discovering Memory Corruptions in IoT Through App-based Fuzzing},
  author={Chen, Jiongyi and Diao, Wenrui and Zhao, Qingchuan and Zuo, Chaoshun and Lin, Zhiqiang and Wang, XiaoFeng and Lau, Wing Cheong and Sun, Menghan and Yang, Ronghai and Zhang, Kehuan}, 
  booktitle={NDSS 2018, Network and Distributed Systems Security Symposium, 18-21 February 2018, San Diego, CA, USA},
  year={2018}
}

@inproceedings{klees2018evaluating,
  title={Evaluating Fuzz Testing},
  author={Klees, George and Ruef, Andrew and Cooper, Benji and Wei, Shiyi and Hicks, Michael},
  booktitle={Proceedings of the 2018 ACM SIGSAC Conference on Computer and Communications Security (CCS)},
  pages={2123--2138},
  year={2018},
  organization={ACM}
}


@inproceedings{heitman2014barf,
  title={BARF: A multiplatform open source Binary Analysis and Reverse engineering Framework},
  author={Heitman, Christian and Arce, Iv{\'a}n},
  booktitle={XX Congreso Argentino de Ciencias de la Computaci{\'o}n (Buenos Aires, 2014)},
  year={2014}
}

@article{nie2017free,
  title={Free-Fall: Hacking Tesla from Wireless to Can Bus},
  author={Nie, Sen and Liu, Ling and Du, Yuefeng},
  journal={Briefing, Black Hat USA},
  year={2017}
}


@misc{aflweb,
title ={American Fuzzy Lop.},
url={http://lcamtuf.coredump.cx/afl/}
}

@misc{wikiiot,
title ={Wikipedia: Internet of things.},
url={https://en.wikipedia.org/wiki/Internet_of_things}
}


@misc{sar,
title ={System Activity Report~(sar).},
url={https://en.wikipedia.org/wiki/Sar_(Unix)}
}


@misc{aflreadme,
title ={ReadMe for American Fuzzy Lop.},
url={http://lcamtuf.coredump.cx/afl/README.txt}
}

@misc{aflwhitepaper,
title ={Technical "whitepaper" for afl-fuzz.},
url={http://lcamtuf.coredump.cx/afl/technical_details.txt}
}


@book{hennessy2011computer,
  title={Computer architecture: a quantitative approach},
  author={Hennessy, John L and Patterson, David A},
  year={2011},
  publisher={Elsevier}
}

@misc{capstone,
title ={CAPSTONE: NEXT GENERATION DISASSEMBLY FRAMEWORK.},
url={https://www.blackhat.com/us-14/briefings.html#capstone-next-generation-disassembly-framework}
}

@misc{keystone,
title ={KEYSTONE ENGINE: NEXT GENERATION ASSEMBLER FRAMEWORK.},
url={https://www.blackhat.com/us-16/briefings.html#keystone-engine-next-generation-assembler-framework}
}


@misc{uclibc,
title ={uClibc: Embedded C library.},
url={https://www.uclibc.org/}
}


@misc{miasm,
title ={Miasm: Reverse engineering framework in Python.},
url={https://github.com/cea-sec/miasm}
}

@misc{sibyl,
title ={A Miasm2 based function divination.},
url={https://github.com/cea-sec/Sibyl}
}

@misc{lock,
author={J. Max},
title ={Backdooring the Frontdoor Hacking a ”perfectly secure” smart lock.},
url={https://media.defcon.org/DEFCON24/DEFCON24present ations/DEFCON-24-Jmaxxz-Backdooring-the-Frontdoor.pdf},
year={2016}
}

@misc{busybox,
title ={BusyBox: The Swiss Army Knife of Embedded Linux.},
url={https://busybox.net/},
}


@misc{qemu,
title ={QEMU: a generic and open source machine emulator and virtualizer.},
url={https://www.qemu.org/},
}


@misc{elf,
title ={Position-independent code.},
url={https://en.wikipedia.org/wiki/Position-independent_code},
}

@misc{pic,
title ={Executable and Linkable Format.},
url={https://en.wikipedia.org/wiki/Executable_and_Linkable_Format},
}


@misc{ida,
title ={IDA Pro.},
url={https://www.hex-rays.com/products/ida/index.shtml},
}



@inproceedings{ho2016smart,
  title={Smart locks: Lessons for securing commodity internet of things devices},
  author={Ho, Grant and Leung, Derek and Mishra, Pratyush and Hosseini, Ashkan and Song, Dawn and Wagner, David},
  booktitle={Proceedings of the 11th ACM on Asia conference on computer and communications security},
  pages={461--472},
  year={2016},
  organization={ACM}
}
@inproceedings{oluwafemi2013experimental,
  title={Experimental Security Analyses of Non-Networked Compact Fluorescent Lamps: A Case Study of Home Automation Security.},
  author={Oluwafemi, Temitope and Kohno, Tadayoshi and Gupta, Sidhant and Patel, Shwetak},
  booktitle={LASER},
  pages={13--24},
  year={2013}
}
@inproceedings{notra2014experimental,
  title={An experimental study of security and privacy risks with emerging household appliances},
  author={Notra, Sukhvir and Siddiqi, Muhammad and Gharakheili, Hassan Habibi and Sivaraman, Vijay and Boreli, Roksana},
  booktitle={Communications and Network Security (CNS), 2014 IEEE Conference on},
  pages={79--84},
  year={2014},
  organization={IEEE}
}
@inproceedings{ronen2016extended,
  title={Extended functionality attacks on IoT devices: The case of smart lights},
  author={Ronen, Eyal and Shamir, Adi},
  booktitle={Security and Privacy (EuroS\&P), 2016 IEEE European Symposium on},
  pages={3--12},
  year={2016},
  organization={IEEE}
}
@inproceedings{sivaraman2016smart,
  title={Smart-phones attacking smart-homes},
  author={Sivaraman, Vijay and Chan, Dominic and Earl, Dylan and Boreli, Roksana},
  booktitle={Proceedings of the 9th ACM Conference on Security \& Privacy in Wireless and Mobile Networks},
  pages={195--200},
  year={2016},
  organization={ACM}
}
@inproceedings{zhang2017dolphinattack,
  title={DolphinAttack: Inaudible voice commands},
  author={Zhang, Guoming and Yan, Chen and Ji, Xiaoyu and Zhang, Tianchen and Zhang, Taimin and Xu, Wenyuan},
  booktitle={Proceedings of the 2017 ACM SIGSAC Conference on Computer and Communications Security},
  pages={103--117},
  year={2017},
  organization={ACM}
}
@inproceedings{rawat2017vuzzer,
  title={Vuzzer: Application-aware evolutionary fuzzing},
  author={Rawat, Sanjay and Jain, Vivek and Kumar, Ashish and Cojocar, Lucian and Giuffrida, Cristiano and Bos, Herbert},
  booktitle={Proceedings of the Network and Distributed System Security Symposium (NDSS)},
  year={2017}
}
@article{bohme2017coverage,
  title={Coverage-based greybox fuzzing as markov chain},
  author={B{\"o}hme, Marcel and Pham, Van-Thuan and Roychoudhury, Abhik},
  journal={IEEE Transactions on Software Engineering},
  year={2017},
  publisher={IEEE}
}
@inproceedings{cadar2008klee,
  title={KLEE: Unassisted and Automatic Generation of High-Coverage Tests for Complex Systems Programs.},
  author={Cadar, Cristian and Dunbar, Daniel and Engler, Dawson R and others},
  booktitle={OSDI},
  volume={8},
  pages={209--224},
  year={2008}
}

@inproceedings{stephens2016driller,
  title={Driller: Augmenting Fuzzing Through Selective Symbolic Execution.},
  author={Stephens, Nick and Grosen, John and Salls, Christopher and Dutcher, Andrew and Wang, Ruoyu and Corbetta, Jacopo and Shoshitaishvili, Yan and Kruegel, Christopher and Vigna, Giovanni},
  booktitle={NDSS},
  volume={16},
  pages={1--16},
  year={2016}
}
@article{godefroid2012sage,
  title={SAGE: whitebox fuzzing for security testing},
  author={Godefroid, Patrice and Levin, Michael Y and Molnar, David},
  journal={Queue},
  volume={10},
  number={1},
  pages={20},
  year={2012},
  publisher={ACM}
}
@inproceedings{godefroid2005dart,
  title={DART: directed automated random testing},
  author={Godefroid, Patrice and Klarlund, Nils and Sen, Koushik},
  booktitle={ACM Sigplan Notices},
  volume={40},
  number={6},
  pages={213--223},
  year={2005},
  organization={ACM}
}

@inproceedings{sen2005cute,
  title={CUTE: a concolic unit testing engine for C},
  author={Sen, Koushik and Marinov, Darko and Agha, Gul},
  booktitle={ACM SIGSOFT Software Engineering Notes},
  volume={30},
  number={5},
  pages={263--272},
  year={2005},
  organization={ACM}
}
@inproceedings{cha2015program,
  title={Program-adaptive mutational fuzzing},
  author={Cha, Sang Kil and Woo, Maverick and Brumley, David},
  booktitle={Security and Privacy (SP), 2015 IEEE Symposium on},
  pages={725--741},
  year={2015},
  organization={IEEE}
}
@inproceedings{haller2013dowsing,
  title={Dowsing for overflows: a guided fuzzer to find buffer boundary violations.},
  author={Haller, Istvan and Slowinska, Asia and Neugschwandtner, Matthias and Bos, Herbert},
  booktitle={USENIX Security Symposium},
  pages={49--64},
  year={2013}
}

@inproceedings{ganesh2009taint,
  title={Taint-based directed whitebox fuzzing},
  author={Ganesh, Vijay and Leek, Tim and Rinard, Martin},
  booktitle={Proceedings of the 31st International Conference on Software Engineering},
  pages={474--484},
  year={2009},
  organization={IEEE Computer Society}
}
@inproceedings{wang2010taintscope,
  title={TaintScope: A checksum-aware directed fuzzing tool for automatic software vulnerability detection},
  author={Wang, Tielei and Wei, Tao and Gu, Guofei and Zou, Wei},
  booktitle={Security and privacy (SP), 2010 IEEE symposium on},
  pages={497--512},
  year={2010},
  organization={IEEE}
}
@inproceedings{bastani2017synthesizing,
  title={Synthesizing program input grammars},
  author={Bastani, Osbert and Sharma, Rahul and Aiken, Alex and Liang, Percy},
  booktitle={ACM SIGPLAN Notices},
  volume={52},
  number={6},
  pages={95--110},
  year={2017},
  organization={ACM}
}
@inproceedings{godefroid2017learn,
  title={Learn\&fuzz: Machine learning for input fuzzing},
  author={Godefroid, Patrice and Peleg, Hila and Singh, Rishabh},
  booktitle={Proceedings of the 32nd IEEE/ACM International Conference on Automated Software Engineering},
  pages={50--59},
  year={2017},
  organization={IEEE Press}
}

@inproceedings{wang2017skyfire,
  title={Skyfire: Data-driven seed generation for fuzzing},
  author={Wang, Junjie and Chen, Bihuan and Wei, Lei and Liu, Yang},
  booktitle={Security and Privacy (SP), 2017 IEEE Symposium on},
  pages={579--594},
  year={2017},
  organization={IEEE}
}